:20:123456789
:25:DE89370400440532013000
:28C:00001/001
:60F:C230101EUR12345,67
:61:2301020102CR1000,00NTRFNONREF
:86:105?20EREF+123456789?21SVWZ+Invoice 12345?31DE098765432109876
54321?32John Doe
:61:2301030103DR500,00NTRFNONREF
:86:106?20EREF+987654321?21SVWZ+Payment for services?31DE11223344
556677889900?32Jane Smith
:62F:C230104EUR11845,67
